@ARTICLE{4070616, 
	author={R. N. Noyce and M. E. Hoff}, 
	journal={IEEE Micro}, 
	title={A History of Microprocessor Development at Intel}, 
	year={1981}, 
	volume={1}, 
	number={1}, 
	pages={8-21}, 
	keywords={Central Processing Unit;Circuits;Computer aided manufacturing;Consumer electronics;Costs;History;Large scale integration;Microprocessors;Military computing;Read only memory}, 
	doi={10.1109/MM.1981.290812}, 
	ISSN={0272-1732}, 
	month={Feb},}

@ARTICLE{546561, 
	author={F. Faggin and M. E. Hoff and S. Mazor and M. Shima}, 
	journal={IEEE Micro}, 
	title={The history of the 4004}, 
	year={1996}, 
	volume={16}, 
	number={6}, 
	pages={10-20}, 
	keywords={DP industry;history;microprocessor chips;4004;Intel;microprocessors;microprogrammable computer;Application software;Companies;Consumer electronics;Design engineering;History;Marketing and sales;Microcomputers;Microprocessors;Packaging;Personnel}, 
	doi={10.1109/40.546561}, 
	ISSN={0272-1732}, 
	month={Dec},}

@ARTICLE{601727, 
	author={W. Aspray}, 
	journal={IEEE Annals of the History of Computing}, 
	title={The Intel 4004 microprocessor: what constituted invention?}, 
	year={1997}, 
	volume={19}, 
	number={3}, 
	pages={4-15}, 
	keywords={design engineering;history;integrated circuit manufacture;logic design;marketing;microprocessor chips;personnel;Federico Faggin;Intel 4004 microprocessor;Intel employees;Marcian E. Hoff, Jr.;Masatoshi Shima;Tadashi Sasaki;Ted Hoff;capitalization;case study;conceptualization;corporate culture;engineering;fabrication;invention;logical design;marketing;national culture;technological development;Circuits;Design engineering;Electronics industry;Fabrication;History;Logic devices;Microprocessors;Paper technology;Power engineering and energy;Switches},
	doi={10.1109/85.601727}, 
	ISSN={1058-6180}, 
	month={Jul},}

@ARTICLE{6770875, 
	author={M. R. Betker and J. S. Fernando and S. P. Whalen}, 
	journal={Bell Labs Technical Journal}, 
	title={The history of the microprocessor}, 
	year={1997}, 
	volume={2}, 
	number={4}, 
	pages={29-56}, 
	doi={10.1002/bltj.2082}, 
	ISSN={1089-7089}, 
	month={Autumn},}

@ARTICLE{1971-datasheet,
	author={Intel},
	title={Intel MCS-4 Micro Computer Set},
	journal={Intel},
	year={1971},
	note={\url{http://datasheets.chipdb.org/Intel/MCS-4/datashts/MCS4_Data_Sheet_Nov71.pdf}},
	}
	
@ARTICLE{1971-manual,
	author={Intel},
	title={Intel MCS-4 Manual},
	year={1971},
	note={\url{http://www.intel.com/Assets/PDF/Manual/msc4.pdf}},}

@ARTICLE{2003-Ruge,
	author={Andreas Ruge},
	journal = {Universit√§t Hamburg},
	title = {Rekonstruktion und Visualisierung von Systemen mit Intel 4004 Prozessor},
	year = {2003},}

@ARTICLE{museum,
	author={{Computer History Museum}},
	note={\url{http://www.computerhistory.org}},
	}

@ARTICLE{1975-TI,
	author={{Texas Instruments}},
	title={Programmer's Reference Manual - TMS 1000 Series},
	year={1975},
	note={\url{http://bitsavers.trailing-edge.com/pdf/ti/TMS1000/TMS1000pgmRef_1975.pdf}},
	}
	
@ARTICLE{1976-TI,
	author={{Texas Instruments}},
	title={TMS 1000 Series Data Manual},
	year={1976},
	note={\url{http://blog.kevtris.org/blogfiles/TMS_1000_Data_Manual.pdf}},
	}
	
@ARTICLE{1983-chipcollection,
	author={Stan Augarten},
	title={The Chip Collection - STATE OF THE ART},
	year={1983},
	note={\url{http://www.mikrocontroller.net/articles/Mikrocontroller}},
}
