%% LaTeX2e file `test.bib'
%% generated by the `filecontents' environment
%% from source `seminararbeit' on 2016/06/14.
%%
 @Book{book,
  author = {Autor},
  title = {Titel},
  publisher = {Verlag},
  year = {2222},
 }
 @MISC{misc,
  author = {Autor},
  title = {Titel},
  howpublished = {Howpublished},
  year = {2222},
 }
